<record><leader>00000cas a22000007a 4500</leader><controlfield tag="001">9315944</controlfield><controlfield tag="008">830316d18411841mauwr ne      0    0eng d</controlfield><datafield ind1=" " ind2=" " tag="010"><subfield code="a">sn 83020318 </subfield></datafield><datafield ind1=" " ind2=" " tag="040"><subfield code="a">NPX</subfield><subfield code="b">eng</subfield><subfield code="c">NPX</subfield><subfield code="d">OCLCQ</subfield></datafield><datafield ind1=" " ind2=" " tag="042"><subfield code="a">msc</subfield></datafield><datafield ind1="0" ind2=" " tag="130"><subfield code="a">Patriot and Democrat (Roxbury, Mass.)</subfield></datafield><datafield ind1="1" ind2="0" tag="245"><subfield code="a">Patriot and Democrat.</subfield></datafield><datafield ind1=" " ind2=" " tag="260"><subfield code="a">Roxbury [Mass.] :</subfield><subfield code="b">John S. March</subfield></datafield><datafield ind1=" " ind2=" " tag="300"><subfield code="a">v. ;</subfield><subfield code="c">57 cm.</subfield></datafield><datafield ind1=" " ind2=" " tag="310"><subfield code="a">Weekly</subfield></datafield><datafield ind1="1" ind2=" " tag="362"><subfield code="a">Began in Mar. 1841; ceased in 1841.</subfield><subfield code="z">Cf. Dedham gazette (1850), Feb. 3, 1855.</subfield></datafield><datafield ind1=" " ind2=" " tag="500"><subfield code="a">Editor: John S. March, &lt;1841&gt;.</subfield></datafield><datafield ind1=" " ind2=" " tag="500"><subfield code="a">Published simultaneously at Dedham, Mass.</subfield></datafield><datafield ind1=" " ind2=" " tag="588"><subfield code="a">Description based on: May 15, 1841; title from publisher's statement.</subfield></datafield><datafield ind1="1" ind2=" " tag="700"><subfield code="a">March, John S.</subfield></datafield><datafield ind1=" " ind2=" " tag="752"><subfield code="a">United States</subfield><subfield code="b">Massachusetts</subfield><subfield code="c">Suffolk</subfield><subfield code="d">Roxbury.</subfield></datafield><datafield ind1=" " ind2=" " tag="752"><subfield code="a">United States</subfield><subfield code="b">Massachusetts</subfield><subfield code="c">Norfolk</subfield><subfield code="d">Dedham.</subfield></datafield><datafield ind1="0" ind2="0" tag="780"><subfield code="t">Dedham patriot &amp; Roxbury Democrat</subfield><subfield code="w">(DLC)sn 83020317</subfield></datafield><datafield ind1="0" ind2="0" tag="785"><subfield code="t">Dedham patriot (1841)</subfield><subfield code="w">(DLC)sn 83020319</subfield></datafield><datafield ind1="1" ind2=" " tag="029"><subfield code="a">AU@</subfield><subfield code="b">000025790357</subfield></datafield></record>